% This file was created with JabRef 2.4.2.
% Encoding: UTF8

@misc{Wik1,
  author = {{Wikipedia}},
  title = {{Metro (design language)}},
  howpublished = {\url{https://en.wikipedia.org/wiki/Flat_Design} (Stand: 16.06.2015)}
}